<?xml version="1.0" encoding="UTF-8"?><collection xmlns="http://www.loc.gov/MARC21/slim"><record><leader>00412nam--2200169-u-4500</leader><controlfield tag="001">000050836</controlfield><controlfield tag="002">20161230</controlfield><controlfield tag="005">20161230201048</controlfield><controlfield tag="008">080414s1000------------r-----000-0-eng-d</controlfield><datafield ind1=" " ind2=" " tag="040"><subfield code="a">IFIN-HH</subfield></datafield><datafield ind1=" " ind2=" " tag="080"><subfield code="a">514.763</subfield></datafield><datafield ind1="1" ind2=" " tag="100"><subfield code="a">Poston,Tim and Stewart,Ian</subfield></datafield><datafield ind1="1" ind2="0" tag="245"><subfield code="a">Catastrophe Theory and its Applications</subfield></datafield><datafield ind1=" " ind2=" " tag="260"><subfield code="a">London</subfield><subfield code="b">Pitman</subfield><subfield code="c">1978</subfield></datafield><datafield ind1=" " ind2=" " tag="300"><subfield code="a">491 p</subfield></datafield><datafield ind1=" " ind2=" " tag="852"><subfield code="c">51</subfield></datafield><datafield ind1=" " ind2=" " tag="CAT"><subfield code="a">Sys</subfield><subfield code="c">20080414</subfield><subfield code="h">103452</subfield></datafield></record></collection>